<record xmlns="http://www.loc.gov/MARC21/slim" xmlns:xsi="http://www.w3.org/2001/XMLSchema-instance" xsi:schemaLocation="http://www.loc.gov/MARC21/slim http://www.loc.gov/standards/marcxml/schema/MARC21slim.xsd">

  <leader>00561nam a2200181Ia 4500</leader>
  <datafield tag="999" ind2=" " ind1=" ">
    <subfield code="c">703</subfield>
    <subfield code="d">703</subfield>
  </datafield>
  <controlfield tag="008">170228b2011    pe ||||| |||| 00| | spa d</controlfield>
  <datafield tag="020" ind1=" " ind2=" ">
    <subfield code="a">9789972235344</subfield>
  </datafield>
  <datafield tag="090" ind1=" " ind2=" ">
    <subfield code="a">05.06.01 </subfield>
    <subfield code="b">2139</subfield>
  </datafield>
  <datafield ind2=" " ind1="1" tag="100">
    <subfield code="a">Vigil Oliveros, Nila</subfield>
    <subfield code="9">2490</subfield>
  </datafield>
  <datafield tag="245" ind2="0" ind1="1">
    <subfield code="a">Reflexiones de invierno / </subfield>
    <subfield code="c">Nila Vigil Oliveros</subfield>
  </datafield>
  <datafield ind2=" " ind1=" " tag="260">
    <subfield code="a">Lima, Perú : </subfield>
    <subfield code="b">Tarea asociación de publicaciones educativas, </subfield>
    <subfield code="c">2011</subfield>
  </datafield>
  <datafield tag="300" ind1=" " ind2=" ">
    <subfield code="a">133 páginas</subfield>
  </datafield>
  <datafield ind2="4" ind1="1" tag="650">
    <subfield code="9">1147</subfield>
    <subfield code="a">BILINGÜISMO </subfield>
  </datafield>
  <datafield ind1="1" ind2="4" tag="650">
    <subfield code="a">EDUCACIÓN INTERCULTURAL </subfield>
    <subfield code="9">485</subfield>
  </datafield>
  <datafield tag="650" ind1="1" ind2="4">
    <subfield code="a">MULTICULTURALISMO</subfield>
    <subfield code="9">1436</subfield>
  </datafield>
  <datafield ind1=" " ind2="4" tag="651">
    <subfield code="9">1736</subfield>
    <subfield code="a">PERÚ</subfield>
  </datafield>
  <datafield tag="942" ind2=" " ind1=" ">
    <subfield code="2">z</subfield>
    <subfield code="c">01</subfield>
  </datafield>
</record>